@book{Mor1,
	Author = {Franco Moretti},
	Date-Added = {2015-05-18 07:14:54 +0000},
	Date-Modified = {2015-11-11 17:21:24 +0000},
	Note = {119 p.},
	Publisher = {Verso},
	Title = {Graphs, Maps, Trees},
	Year = {2005}}
	
@electronic{SHEB,
 author = {Wido Van Peursen, Dirk Roorda},
 title = {SHEBANQ},
 url = {https://shebanq.ancient-data.org/},
 urldate = {29.02.2016},
